%% https://de.wikipedia.org/wiki/BibTeX

%%Literatur-------------------------------------------------------------------------------------------------------
@book{amundson,
	title =  {{Electrophoretic Displays}},
	author={Karl Amundson},
	year={2016},
	publisher={Springer International Publishing Switzerland}
}

%%Online-------------------------------------------------------------------------------------------------------
@online{waveshare,
	organisation = {waveshare},
	title =  {{9.7inch e-Paper HAT}},
	url = {https://www.waveshare.com/wiki/9.7inch_e-Paper_HAT},
	keywords = {online}
}

%%Abbildungen-------------------------------------------------------------------------------------------------------

%%Techreport-----------------------------------------------------------------------------------------------------
@tech{ISO/IEC9899,
	type = {Standard},
	key = {ISO/IEC 9899:2011 (E)},
	month = mar,
	year = {2011},
	title = {Information technology — Programming languages — C},
	volume = {2011},
	address = {Geneva, CH},
	institution = {International Organization for Standardization}

}
%%Datenblatt-------------------------------------------------------------------------------------------------------
@manual{amorton,
	organisation = {Panasonic Industry},
	title =  {{Amorphous Silicon Solar Cells}},
	year          =  2019,
	month         =  08,
	keywords = {manual}
}




